@article{inportanciaTestesAutomatizados,
author = {Paulo Cheque, Fabio Kon},
biburl = {www.devmedia.com.br/esmag},
journal = {Engenharia de Software Magazine},
pages = {54–57},
title = {A Importancia dos Testes Automatizados},
volume = {72},
year = {2008}
}

@INPROCEEDINGS{XiangFeng2011,
author={XiangFeng Meng, Weinan Shanxi},
booktitle={International Conference on Electronic and Mechanical Engineering and Information Technology},
title={Analysis of Software Automation Test Protocol},
year={2011},
month={August},
pages={4138	- 4141},
keywords={Automation; Protocol; software quality; software reliability},
doi={10.1109/EMEIT.2011.6023102 }
}

@techreport{Maldonado1988,
institution = {Instituto de Ciencias Matemáticas e de Computação - ICMC-USP},
author = {J. C. Maldonado and A. Vincenzi},
title = {Aspectos teóricos e empíricos de testes de cobertura de software},
year = {1998},
month={June}
}

@INPROCEEDINGS{Collins2012,
author={Collins, E. and Dias-Neto, Lucena V. F.},
booktitle={Computer Software and Applications Conference Workshops (COMPSACW), 2012 IEEE 36th Annual},
title={Strategies for Agile Software Testing Automation: An Industrial Experience},
year={2012},
month={July},
pages={440-445},
keywords={software testing;agile testing;testing automation;open source testing tools},
doi={10.1109/COMPSACW.2012.84}
}

@techreport{Wanessa2012,
institution = {Centro Universitario de Brasilia-Uniceub},
author = {Wanessa Mariana and Angelica Toffano},
title = {Ferramentas free para teste de software: um estudo comparativo},
year = {2012},
month={August}
}

@misc{Bret1999,
author = {Bret Pettichord},
title = {Seven Steps to Test Automation Success},
howpublished = {STAR West, San Jose},
year = {1999},
month ={November},
note = {Disponível em: \url{http://https://www.prismnet.com/~wazmo/papers/seven_steps}. Acessado em: 30/11/2014}
}

@INPROCEEDINGS{Wissink206,
author={T. Wissink; C. Amaro},
booktitle={Software Maintenance, 2006. ICSM '06. 22nd IEEE International Conference on},
title={Strategies for Agile Software Testing Automation: An Industrial Experience},
year={2006},
month={September},
pages={265-266},
keywords={},
doi={10.1109/ICSM.2006.63}
}

@INPROCEEDINGS{Budnik2010,
author={BUDNIK C. J.; CHAN W. K.; KAPFHAMMER G. M.},
booktitle={Software Engineering, 2010 ACM/IEEE 32nd International Conference on  (Volume:2 )},
title={Bridging the Gap between the Theory and Practice of Software Test Automation},
year={2010},
month={May},
pages={445-446},
keywords={formal methods;model checking;reliability;statistical methods;validation},
doi={10.1145/1810295.1810421}
}

@misc{James2012,
author = {James Crisp},
title = {Automated Testing and the Test Pyramid},
year = {2011},
month ={May},
note = {Disponível em: \url{http://jamescrisp.org/2011/05/30/automated-testing-and-the-test-pyramid/}. Acessado em: 30/11/2014}
}

@misc{WatirMelon2012,
author = {Alister Scott},
title = {Introducing the software testing ice-cream cone (anti-pattern)},
year = {2012},
month ={January},
note = {Disponível em: \url{http://watirmelon.com/2012/01/31/introducing-the-software-testing-ice-cream-cone/}. Acessado em: 25/11/2014}
}

@misc{James2011,
author = {James Crisp},
title = {Yet another software testing pyramid},
year = {2011},
month ={June},
note = {Disponível em: \url{http://watirmelon.com/2011/06/10/yet-another-software-testing-pyramid/}. Acessado em: 30/11/2014}
}

@misc{tutorialsPoint,
author = {Tutorials Point India Private Limited},
title = {Software Testing-Overview},
note = {Disponível em: \url{http://www.tutorialspoint.com/software_testing/software_testing_overview.htm}. Acessado em 30/12/2014}
}

@techreport{ansiieee1059,
institution = {The Institute of Electrical and Electronics Engineers, Inc},
author = {IEEE Standards Board},
title = {IEEE Guide for Software Verification and Validation Plans},
year = {1993},
month={December},
day={2}
}

@techreport{Pressman2002,
institution = {McGraw Hill, Inc},
author = {Pressman; R.S},
title = {Software Engineering: A Practitioners Approach},
year = {2002}
}

@book{Dustin1999,
 author = {Elfriede Dustin; J. Rashka; and J. Paul},
 title = {The Art of Agile Development},
 year = {1999},
 isbn = {0201432870},
 edition = {First},
 publisher = {Addison-Wesley}
}

@INPROCEEDINGS{Leung1990,
author={K.N. Leung Hareton; Lee White },
booktitle={Software Maintenance, 1990, Proceedings., Conference on},
title={A study of integration testing and software regression at the integration level},
year={1990},
month={November},
pages={290-301},
keywords={software integration; integration testing;regression testing;software maintenance; test cases reuse; global variables,
program;errors;firewall},
doi={10.1109/ICSM.1990.131377}
}

@INPROCEEDINGS{Pachawan2014,
author={Pachawan Augsornsri; Taratip Suwannasart},
booktitle={Information Science and Applications (ICISA), 2014 International Conference on },
title={An Integration Testing Coverage Tool for Object-Oriented Software},
year={2014},
month={May},
pages={1-5},
keywords={object oriented programming;program testing;software tools},
doi={10.1109/ICISA.2014.6847360}
}
@misc{SoftexRecife,
author = {SOFTEX, RECIFE},
title = {Fundamentos do Teste de Software},
note = {Disponível em: \url{http://ava.nac.softex.br/pluginfile.php/602/mod_resource/content/2/Aula%202.pdf}. Acessado em 02/01/2015}
}

@article{Kirner1996,
  author  = {KIRNER, T. G.; DAVIS, A. M.},
  title   = {Nonfunctional Requirements of Real-Time Systems},
  journal = {Advances in Computers},
  volume = 42,
  year    = 1996,
  pages   = {1-37},
}

@mastersthesis{Cysneiros1997,
author  =  {CYSNEIROS, L. M},
title   =  {Integrando Requisitos Não Funcionais ao Processo de Desenvolvimento de Software},
year    =  {1997},
school={Departamento de Informática, Pontifícia Universidade Católica do Rio deJaneiro},
}

@INPROCEEDINGS{Fantinato2004,
author={FANTINATO  M.; CUNHA A.; DIAS S.; MIZUNO S.; E CUNHA C.},
booktitle={SIMPÓSIO BRASILEIRO DE QUALIDADE DE SOFTWARE},
title={Um Framework Reutilizável para a Automação de Teste Funcional de Software},
year={2004}
}


@article{Hooda2012,
  author  = {R. Hooda},
  title   = { Automation of Software Testing: A Foundation for the Future},
  journal = {INTERNATIONAL JOURNAL OF LATEST RESEARCH IN SCIENCE AND TECHNOLOGY},
  volume = 1,
  year    = 2012,
  pages   = {152-154},
}

@INPROCEEDINGS{Lima2012,
author={T. Lima},
booktitle={6TH BRAZILIAN WORKSHOP ON SYSTEMATIC AND AUTOMATED SOFTWARE TESTING},
title={ Usando o SilkTest para automatizar testes: um Relato de Experiencia},
year={2012}
}

@book{Fewster1999,
 author = {FEWSTER, M e GRAHAM, D},
 title = {Software Test Automation - Effective use of test execution tools},
 year = {1999},
 isbn = {0201331403},
 edition = {First},
 publisher = {Addison-Wesley}
}


@techreport{Molinari2010,
institution = {UNIVERSIDADE SAO FRANCISCO-Engenharia de Computacao},
author = {Bruno Molinari},
title = {IMPLEMENTACAO DE AMBIENTE DE TESTES AUTOMATIZADOS PARA AVALIACAO DE PARAMETROS DE QoS EM REDES DE COMUNICACAO DE DADOS BASEADO EM SOFTWARE LIVRE},
year = {2002}
}

@misc{Zambelich1998,
author = {K. Zambelich},
title = {Totally Data-driven Automated Testing},
note = {Disponível em: \url{http://www.sqatest.com/w_paper1.html}. Acessado em 30/12/2014}
}

@INPROCEEDINGS{Solis2011,
author={Solis  C. , Xiaofeng Wang},
booktitle={Software Engineering and Advanced Applications (SEAA), 2011 37th EUROMICRO Conference on },
title={An Integration Testing Coverage Tool for Object-Oriented Software},
year={2011},
month={Aug},
pages={383-387},
keywords={Automated Acceptance Testing;Behaviour Driven Development;Test Driven Development;Ubiquitous Language},
doi={10.1109/SEAA.2011.76 }
}

@misc{JBehave,
author = {JBehave.org},
title = {JBehave},
note = {Disponível em: \url{http://jbehave.org/}. Acessado em 31/12/2014}
}

@misc{Cucumber,
author = {cukes.info},
title = {Cucumber},
note = {Disponível em: \url{http://cukes.info/}. Acessado em 31/12/2014}
}

@misc{RSpec,
author = {rspec.info},
title = {RSpec},
note = {Disponível em: \url{http://rspec.info/}. Acessado em 31/12/2014}
}

@misc{JUnit,
author = {junit.org},
title = {JUnit},
note = {Disponível em: \url{http://junit.org/}. Acessado em 31/12/2014}
}

@misc{bddIntroducing,
author = {D. North},
title = {Introducing BDD},
note = {Disponível em: \url{http://dannorth.net/introducing-bdd/}. Acessado em 31/12/2014}
}

@misc{gherkin,
author = {Gherkin},
title = {Gherkin},
note = {Disponível em: \url{http://cukes.info/gherkin.html}. Acessado em 02/01/2015}
}
@misc{introductionCucumber,
title = {An Introduction to Using Cucumber-JVM},
note = {Disponível em: \url{http://testerstories.com/2014/06/an-introduction-to-using-cucumber-jvm/}. Acessado em 02/01/2015}
}

@misc{censo2010,
author = {O portal de infromacao para pessoa com deficiencia},
title = {RESULTADOS DO CENSO 2010 FEITO PELO IBGE SOBRE PESSOAS COM DEFICIÊNCIA},
note = {Disponível em: \url{http://www.deficientefisico.com/resultados-do-censo-2010-feito-pelo-ibge-sobre-pessoas-com-deficiencia/}. Acessado em 02/01/2015}
}

@misc{jornalDiaDia,
author = {Jornal Dia Dia},
title = {Barulho, inimigo da boa audicao},
year={2014},
note = {Disponível em: \url{http://www.jornaldiadia.com.br/news/noticia.php?Id=49258#.VKG078AAA/}. Acessado em 03/01/2015}
}

@misc{ruido,
author = {Marie Camilleri , Nuno Trigueiros-Cunha },
title = {Ruido: Atencao Perigo ! Proteccao},
note = {Disponível em: \url{http://www.cochlea.org/po/ruido}. Acessado em 03/01/2015}
}

@misc{jmir,
title = {jMIR},
note = {Disponível em: \url{http://jmir.sourceforge.net/overview.html}. Acessado em 30/12/2014}
}


@misc{ace,
title = {ACE},
note = {Disponível em: \url{http://jmir.sourceforge.net/ACE.html}. Acessado em 30/12/2014}
}

@misc{Forrester2008,
title = {Forrester Research},
note = {Disponível em: \url{https://www.forrester.com/Market+Overview+2008+Automated+Testing+Software/fulltext/-/E-RES47064}. Acessado em 01/01/2015}
}


% ==========================================================
